date,maxAge,endDate,totalRevenue,costOfRevenue,grossProfit,researchDevelopment,sellingGeneralAdministrative,nonRecurring,otherOperatingExpenses,totalOperatingExpenses,operatingIncome,totalOtherIncomeExpenseNet,ebit,interestExpense,incomeBeforeTax,incomeTaxExpense,minorityInterest,netIncomeFromContinuingOps,discontinuedOperations,extraordinaryItems,effectOfAccountingCharges,otherItems,netIncome,netIncomeApplicableToCommonShares,ticker
2025-06-30,1,1751241600,933792000000,0,0,,,,,0,,,0,,,0,,,,,,,398273000000,,2330.TW
2025-03-31,1,1743379200,839254000000,0,0,,,,,0,,,0,,,0,,,,,,,361564000000,,2330.TW
2024-12-31,1,1735603200,868461000000,0,0,,,,,0,,,0,,,0,,,,,,,374680000000,,2330.TW
2024-09-30,1,1727654400,759692000000,0,0,,,,,0,,,0,,,0,,,,,,,325258000000,,2330.TW
2025-06-30,1,1751241600,1793468046000,0,0,,,,,0,,,0,,,0,,,,,,,44360558000,,2317.TW
2025-03-31,1,1743379200,1644316000000,0,0,,,,,0,,,0,,,0,,,,,,,42108000000,,2317.TW
2024-12-31,1,1735603200,2130503832000,0,0,,,,,0,,,0,,,0,,,,,,,46325874000,,2317.TW
2024-09-30,1,1727654400,1854569119000,0,0,,,,,0,,,0,,,0,,,,,,,49325069000,,2317.TW
2025-06-30,1,1751241600,56730000000,0,0,,,,,0,,,0,,,0,,,,,,,10167000000,,2412.TW
2025-03-31,1,1743379200,55810000000,0,0,,,,,0,,,0,,,0,,,,,,,9800000000,,2412.TW
2024-12-31,1,1735603200,65350000000,0,0,,,,,0,,,0,,,0,,,,,,,9000000000,,2412.TW
2024-09-30,1,1727654400,55613000000,0,0,,,,,0,,,0,,,0,,,,,,,9005000000,,2412.TW
2025-06-30,1,1751241600,145547484000,0,0,,,,,0,,,0,,,0,,,,,,,-7504503000,,6505.TW
2025-03-31,1,1743379200,173267286000,0,0,,,,,0,,,0,,,0,,,,,,,3684794000,,6505.TW
2024-12-31,1,1735603200,148820054000,0,0,,,,,0,,,0,,,0,,,,,,,1294587000,,6505.TW
2024-09-30,1,1727654400,173189705000,0,0,,,,,0,,,0,,,0,,,,,,,-3082093000,,6505.TW
2025-06-30,1,1751241600,58757657000,0,0,,,,,0,,,0,,,0,,,,,,,8902530000,,2303.TW
2025-03-31,1,1743379200,57858957000,0,0,,,,,0,,,0,,,0,,,,,,,7776741000,,2303.TW
2024-12-31,1,1735603200,60386110000,0,0,,,,,0,,,0,,,0,,,,,,,8497000000,,2303.TW
2024-09-30,1,1727654400,60485000000,0,0,,,,,0,,,0,,,0,,,,,,,14472000000,,2303.TW
2025-06-30,1,1751241600,3794962000,0,0,,,,,0,,,0,,,0,,,,,,,10325725000,,2881.TW
2025-03-31,1,1743379200,108974429000,0,0,,,,,0,,,0,,,0,,,,,,,41057794000,,2881.TW
2024-12-31,1,1735603200,103454254000,0,0,,,,,0,,,0,,,0,,,,,,,29510940000,,2881.TW
2024-09-30,1,1727654400,69995000000,0,0,,,,,0,,,0,,,0,,,,,,,39995000000,,2881.TW
2025-06-30,1,1751241600,69315000000,0,0,,,,,0,,,0,,,0,,,,,,,13985000000,,2882.TW
2025-03-31,1,1743379200,71934000000,0,0,,,,,0,,,0,,,0,,,,,,,32015000000,,2882.TW
2024-12-31,1,1735603200,70956000000,0,0,,,,,0,,,0,,,0,,,,,,,7453000000,,2882.TW
2024-09-30,1,1727654400,70635000000,0,0,,,,,0,,,0,,,0,,,,,,,31057000000,,2882.TW
2025-06-30,1,1751241600,35354423000,0,0,,,,,0,,,0,,,0,,,,,,,433428000,,1101.TW
2025-03-31,1,1743379200,34956255000,0,0,,,,,0,,,0,,,0,,,,,,,527294000,,1101.TW
2024-12-31,1,1735603200,49018022000,0,0,,,,,0,,,0,,,0,,,,,,,3542618000,,1101.TW
2024-09-30,1,1727654400,41075042000,0,0,,,,,0,,,0,,,0,,,,,,,3141229000,,1101.TW
2025-06-30,1,1751241600,45387102000,0,0,,,,,0,,,0,,,0,,,,,,,-6625710000,,1301.TW
2025-03-31,1,1743379200,47202204000,0,0,,,,,0,,,0,,,0,,,,,,,50448000,,1301.TW
2024-12-31,1,1735603200,50330754000,0,0,,,,,0,,,0,,,0,,,,,,,275253000,,1301.TW
2024-09-30,1,1727654400,50492246000,0,0,,,,,0,,,0,,,0,,,,,,,-3092465000,,1301.TW
2025-06-30,1,1751241600,85096705000,0,0,,,,,0,,,0,,,0,,,,,,,-1901721000,,2002.TW
2025-03-31,1,1743379200,83170223000,0,0,,,,,0,,,0,,,0,,,,,,,243215000,,2002.TW
2024-12-31,1,1735603200,86593847000,0,0,,,,,0,,,0,,,0,,,,,,,94810000,,2002.TW
2024-09-30,1,1727654400,85615737000,0,0,,,,,0,,,0,,,0,,,,,,,-81360000,,2002.TW
2025-06-30,1,1751241600,6799341000,0,0,,,,,0,,,0,,,0,,,,,,,-1276121000,,2337.TW
2025-03-31,1,1743379200,6137000000,0,0,,,,,0,,,0,,,0,,,,,,,-873000000,,2337.TW
2024-12-31,1,1735603200,5912900000,0,0,,,,,0,,,0,,,0,,,,,,,-1551479000,,2337.TW
2024-09-30,1,1727654400,7754539000,0,0,,,,,0,,,0,,,0,,,,,,,-296427000,,2337.TW
2025-06-30,1,1751241600,150369000000,0,0,,,,,0,,,0,,,0,,,,,,,27848000000,,2454.TW
2025-03-31,1,1743379200,153312000000,0,0,,,,,0,,,0,,,0,,,,,,,29325000000,,2454.TW
2024-12-31,1,1735603200,138043000000,0,0,,,,,0,,,0,,,0,,,,,,,23789000000,,2454.TW
2024-09-30,1,1727654400,131813000000,0,0,,,,,0,,,0,,,0,,,,,,,25346000000,,2454.TW
2025-06-30,1,1751241600,86483997000,0,0,,,,,0,,,0,,,0,,,,,,,10957732000,,2603.TW
2025-03-31,1,1743379200,109970561000,0,0,,,,,0,,,0,,,0,,,,,,,27358358000,,2603.TW
2024-12-31,1,1735603200,115811709000,0,0,,,,,0,,,0,,,0,,,,,,,30698981000,,2603.TW
2024-09-30,1,1727654400,152788923000,0,0,,,,,0,,,0,,,0,,,,,,,61913180000,,2603.TW
2025-06-30,1,1751241600,51332558000,0,0,,,,,0,,,0,,,0,,,,,,,3855530000,,2610.TW
2025-03-31,1,1743379200,52772028000,0,0,,,,,0,,,0,,,0,,,,,,,4185569000,,2610.TW
2024-12-31,1,1735603200,52950819000,0,0,,,,,0,,,0,,,0,,,,,,,4009662000,,2610.TW
2024-09-30,1,1727654400,52015094000,0,0,,,,,0,,,0,,,0,,,,,,,3828100000,,2610.TW
2025-06-30,1,1751241600,47471015000,0,0,,,,,0,,,0,,,0,,,,,,,3289190000,,3045.TW
2025-03-31,1,1743379200,48167353000,0,0,,,,,0,,,0,,,0,,,,,,,3655199000,,3045.TW
2024-12-31,1,1735603200,56151861000,0,0,,,,,0,,,0,,,0,,,,,,,3451769000,,3045.TW
2024-09-30,1,1727654400,47201517000,0,0,,,,,0,,,0,,,0,,,,,,,4164425000,,3045.TW
2025-06-30,1,1751241600,32466045000,0,0,,,,,0,,,0,,,0,,,,,,,29607000,,3037.TW
2025-03-31,1,1743379200,30090000000,0,0,,,,,0,,,0,,,0,,,,,,,915000000,,3037.TW
2024-12-31,1,1735603200,29380912000,0,0,,,,,0,,,0,,,0,,,,,,,56064000,,3037.TW
2024-09-30,1,1727654400,31712154000,0,0,,,,,0,,,0,,,0,,,,,,,997140000,,3037.TW
2025-06-30,1,1751241600,259503350000,0,0,,,,,0,,,0,,,0,,,,,,,2830135000,,3036.TW
2025-03-31,1,1743379200,247424457000,0,0,,,,,0,,,0,,,0,,,,,,,2706964000,,3036.TW
2024-12-31,1,1735603200,261877604000,0,0,,,,,0,,,0,,,0,,,,,,,2536146000,,3036.TW
2024-09-30,1,1727654400,261255812000,0,0,,,,,0,,,0,,,0,,,,,,,2835990000,,3036.TW
2025-06-30,1,1751241600,24181714000,0,0,,,,,0,,,0,,,0,,,,,,,254301000,,9933.TW
2025-03-31,1,1743379200,22266724000,0,0,,,,,0,,,0,,,0,,,,,,,-1217479000,,9933.TW
2024-12-31,1,1735603200,31497948000,0,0,,,,,0,,,0,,,0,,,,,,,493023000,,9933.TW
2024-09-30,1,1727654400,28324219000,0,0,,,,,0,,,0,,,0,,,,,,,379359000,,9933.TW
2025-06-30,1,1751241600,250452020000,0,0,,,,,0,,,0,,,0,,,,,,,2185669000,,3702.TW
2025-03-31,1,1743379200,248834064000,0,0,,,,,0,,,0,,,0,,,,,,,1898216000,,3702.TW
2024-12-31,1,1735603200,231670000000,0,0,,,,,0,,,0,,,0,,,,,,,1622000000,,3702.TW
2024-09-30,1,1727654400,259068552000,0,0,,,,,0,,,0,,,0,,,,,,,2042057000,,3702.TW
2025-06-30,1,1751241600,20658022000,0,0,,,,,0,,,0,,,0,,,,,,,10179763000,,2886.TW
2025-03-31,1,1743379200,18862242000,0,0,,,,,0,,,0,,,0,,,,,,,8010792000,,2886.TW
2024-12-31,1,1735603200,18000753000,0,0,,,,,0,,,0,,,0,,,,,,,5445118000,,2886.TW
2024-09-30,1,1727654400,21904013000,0,0,,,,,0,,,0,,,0,,,,,,,8924094000,,2886.TW
2025-06-30,1,1751241600,5084333000,0,0,,,,,0,,,0,,,0,,,,,,,-1029804000,,2474.TW
2025-03-31,1,1743379200,4350288000,0,0,,,,,0,,,0,,,0,,,,,,,2916295000,,2474.TW
2024-12-31,1,1735603200,4636057000,0,0,,,,,0,,,0,,,0,,,,,,,3757975000,,2474.TW
2024-09-30,1,1727654400,5116825000,0,0,,,,,0,,,0,,,0,,,,,,,1430066000,,2474.TW
2025-06-30,1,1751241600,180443179000,0,0,,,,,0,,,0,,,0,,,,,,,482460000,,2324.TW
2025-03-31,1,1743379200,199097957000,0,0,,,,,0,,,0,,,0,,,,,,,2191229000,,2324.TW
2024-12-31,1,1735603200,229155396000,0,0,,,,,0,,,0,,,0,,,,,,,1936474000,,2324.TW
2024-09-30,1,1727654400,244317401000,0,0,,,,,0,,,0,,,0,,,,,,,3333721000,,2324.TW
2025-06-30,1,1751241600,188006262000,0,0,,,,,0,,,0,,,0,,,,,,,9805690000,,2357.TW
2025-03-31,1,1743379200,147693211000,0,0,,,,,0,,,0,,,0,,,,,,,12790597000,,2357.TW
2024-12-31,1,1735603200,153922801000,0,0,,,,,0,,,0,,,0,,,,,,,1638000000,,2357.TW
2024-09-30,1,1727654400,166560783000,0,0,,,,,0,,,0,,,0,,,,,,,12504319000,,2357.TW
2025-06-30,1,1751241600,11672625000,0,0,,,,,0,,,0,,,0,,,,,,,1056089000,,3008.TW
2025-03-31,1,1743379200,14579231000,0,0,,,,,0,,,0,,,0,,,,,,,6443313000,,3008.TW
2024-12-31,1,1735603200,18209987000,0,0,,,,,0,,,0,,,0,,,,,,,8971892000,,3008.TW
2024-09-30,1,1727654400,18949140000,0,0,,,,,0,,,0,,,0,,,,,,,6629776000,,3008.TW
2025-06-30,1,1751241600,17835796000,0,0,,,,,0,,,0,,,0,,,,,,,1988963000,,2395.TW
2025-03-31,1,1743379200,17351246000,0,0,,,,,0,,,0,,,0,,,,,,,2734000000,,2395.TW
2024-12-31,1,1735603200,16313759000,0,0,,,,,0,,,0,,,0,,,,,,,2640953000,,2395.TW
2024-09-30,1,1727654400,14949502000,0,0,,,,,0,,,0,,,0,,,,,,,2257532000,,2395.TW
2025-06-30,1,1751241600,21017957000,0,0,,,,,0,,,0,,,0,,,,,,,-1312433000,,2344.TW
2025-03-31,1,1743379200,19992617000,0,0,,,,,0,,,0,,,0,,,,,,,-1091142000,,2344.TW
2024-12-31,1,1735603200,18692003000,0,0,,,,,0,,,0,,,0,,,,,,,-648237000,,2344.TW
2024-09-30,1,1727654400,21312431000,0,0,,,,,0,,,0,,,0,,,,,,,-9347000,,2344.TW
2025-06-30,1,1751241600,1431291000,0,0,,,,,0,,,0,,,0,,,,,,,156191000,,1723.TW
2025-03-31,1,1743379200,1691790000,0,0,,,,,0,,,0,,,0,,,,,,,218247000,,1723.TW
2024-12-31,1,1735603200,1788621000,0,0,,,,,0,,,0,,,0,,,,,,,238823000,,1723.TW
2024-09-30,1,1727654400,2100278000,0,0,,,,,0,,,0,,,0,,,,,,,344479000,,1723.TW
2025-06-30,1,1751241600,4563998000,0,0,,,,,0,,,0,,,0,,,,,,,629988000,,6415.TW
2025-03-31,1,1743379200,4093620000,0,0,,,,,0,,,0,,,0,,,,,,,358559000,,6415.TW
2024-12-31,1,1735603200,5108168000,0,0,,,,,0,,,0,,,0,,,,,,,894928000,,6415.TW
2024-09-30,1,1727654400,4889809000,0,0,,,,,0,,,0,,,0,,,,,,,752639000,,6415.TW
2016-06-30,1,1467244800,1129959000,0,0,,,,,0,,,0,,,0,,,,,,,14954000,,1321.TW
2016-03-31,1,1459382400,1002255000,0,0,,,,,0,,,0,,,0,,,,,,,3533000,,1321.TW
2015-12-31,1,1451520000,944333000,0,0,,,,,0,,,0,,,0,,,,,,,-34222000,,1321.TW
2015-09-30,1,1443571200,1197242000,0,0,,,,,0,,,0,,,0,,,,,,,43744000,,1321.TW
2025-06-30,1,1751241600,8361874000,0,0,,,,,0,,,0,,,0,,,,,,,2175244000,,2449.TW
2025-03-31,1,1743379200,7315490000,0,0,,,,,0,,,0,,,0,,,,,,,4290228000,,2449.TW
2024-12-31,1,1735603200,7296910000,0,0,,,,,0,,,0,,,0,,,,,,,2030145000,,2449.TW
2024-09-30,1,1727654400,7038742000,0,0,,,,,0,,,0,,,0,,,,,,,2478040000,,2449.TW
2025-06-30,1,1751241600,31914363000,0,0,,,,,0,,,0,,,0,,,,,,,3909054000,,2379.TW
2025-03-31,1,1743379200,35022396000,0,0,,,,,0,,,0,,,0,,,,,,,4761555000,,2379.TW
2024-12-31,1,1735603200,26344622000,0,0,,,,,0,,,0,,,0,,,,,,,3400261000,,2379.TW
2024-09-30,1,1727654400,30752452000,0,0,,,,,0,,,0,,,0,,,,,,,4374956000,,2379.TW
2025-06-30,1,1751241600,32771388000,0,0,,,,,0,,,0,,,0,,,,,,,4997745000,,2327.TW
2025-03-31,1,1743379200,31104000000,0,0,,,,,0,,,0,,,0,,,,,,,5530000000,,2327.TW
2024-12-31,1,1735603200,30005958000,0,0,,,,,0,,,0,,,0,,,,,,,3645776000,,2327.TW
2024-09-30,1,1727654400,31738000000,0,0,,,,,0,,,0,,,0,,,,,,,5649000000,,2327.TW
2025-06-30,1,1751241600,18665737000,0,0,,,,,0,,,0,,,0,,,,,,,2929741000,,1102.TW
2025-03-31,1,1743379200,16594707000,0,0,,,,,0,,,0,,,0,,,,,,,1364290000,,1102.TW
2024-12-31,1,1735603200,20859734000,0,0,,,,,0,,,0,,,0,,,,,,,3801828000,,1102.TW
2024-09-30,1,1727654400,19953203000,0,0,,,,,0,,,0,,,0,,,,,,,1896254000,,1102.TW
2025-06-30,1,1751241600,56730000000,0,0,,,,,0,,,0,,,0,,,,,,,10167000000,,2412.TW
2025-03-31,1,1743379200,55810000000,0,0,,,,,0,,,0,,,0,,,,,,,9800000000,,2412.TW
2024-12-31,1,1735603200,65350000000,0,0,,,,,0,,,0,,,0,,,,,,,9000000000,,2412.TW
2024-09-30,1,1727654400,55613000000,0,0,,,,,0,,,0,,,0,,,,,,,9005000000,,2412.TW
2013-12-31,1,1388448000,1696076000,0,0,,,,,0,,,0,,,0,,,,,,,261195000,,9930.TW
2025-06-30,1,1751241600,24494274000,0,0,,,,,0,,,0,,,0,,,,,,,2152817000,,2385.TW
2025-03-31,1,1743379200,23281285000,0,0,,,,,0,,,0,,,0,,,,,,,1592447000,,2385.TW
2024-12-31,1,1735603200,26237000000,0,0,,,,,0,,,0,,,0,,,,,,,2416000000,,2385.TW
2024-09-30,1,1727654400,27721000000,0,0,,,,,0,,,0,,,0,,,,,,,2397000000,,2385.TW
2025-06-30,1,1751241600,48067373000,0,0,,,,,0,,,0,,,0,,,,,,,15932436000,,2891.TW
2025-03-31,1,1743379200,52528000000,0,0,,,,,0,,,0,,,0,,,,,,,19908000000,,2891.TW
2024-12-31,1,1735603200,48126575000,0,0,,,,,0,,,0,,,0,,,,,,,13379101000,,2891.TW
2024-09-30,1,1727654400,50197012000,0,0,,,,,0,,,0,,,0,,,,,,,21442491000,,2891.TW
2025-06-30,1,1751241600,5480230000,0,0,,,,,0,,,0,,,0,,,,,,,287090000,,2727.TW
2025-03-31,1,1743379200,5954251000,0,0,,,,,0,,,0,,,0,,,,,,,365683000,,2727.TW
2024-12-31,1,1735603200,5525805000,0,0,,,,,0,,,0,,,0,,,,,,,268691000,,2727.TW
2024-09-30,1,1727654400,5752951000,0,0,,,,,0,,,0,,,0,,,,,,,362764000,,2727.TW
2025-06-30,1,1751241600,5497157000,0,0,,,,,0,,,0,,,0,,,,,,,-455394000,,6269.TW
2025-03-31,1,1743379200,5171117000,0,0,,,,,0,,,0,,,0,,,,,,,-566867000,,6269.TW
2024-12-31,1,1735603200,5673868000,0,0,,,,,0,,,0,,,0,,,,,,,-591776000,,6269.TW
2024-09-30,1,1727654400,6416043000,0,0,,,,,0,,,0,,,0,,,,,,,-333061000,,6269.TW
2025-06-30,1,1751241600,7815602000,0,0,,,,,0,,,0,,,0,,,,,,,-674620000,,4919.TW
2025-03-31,1,1743379200,8364490000,0,0,,,,,0,,,0,,,0,,,,,,,217435000,,4919.TW
2024-12-31,1,1735603200,7270304000,0,0,,,,,0,,,0,,,0,,,,,,,-62414000,,4919.TW
2024-09-30,1,1727654400,7956815000,0,0,,,,,0,,,0,,,0,,,,,,,-105455000,,4919.TW
2025-06-30,1,1751241600,10526000000,0,0,,,,,0,,,0,,,0,,,,,,,-4109000000,,2408.TW
2025-03-31,1,1743379200,7188000000,0,0,,,,,0,,,0,,,0,,,,,,,-1941000000,,2408.TW
2024-12-31,1,1735603200,6575000000,0,0,,,,,0,,,0,,,0,,,,,,,-1574000000,,2408.TW
2024-09-30,1,1727654400,8133000000,0,0,,,,,0,,,0,,,0,,,,,,,-1487000000,,2408.TW
2025-06-30,1,1751241600,18200497000,0,0,,,,,0,,,0,,,0,,,,,,,831342000,,2313.TW
2025-03-31,1,1743379200,16729875000,0,0,,,,,0,,,0,,,0,,,,,,,1313388000,,2313.TW
2024-12-31,1,1735603200,19832529000,0,0,,,,,0,,,0,,,0,,,,,,,1657451000,,2313.TW
2024-09-30,1,1727654400,20190966000,0,0,,,,,0,,,0,,,0,,,,,,,1797362000,,2313.TW
2022-09-30,1,1664496000,1505081000,0,0,,,,,0,,,0,,,0,,,,,,,178232000,,2375.TW
2022-06-30,1,1656547200,1580792000,0,0,,,,,0,,,0,,,0,,,,,,,172043000,,2375.TW
2022-03-31,1,1648684800,1505837000,0,0,,,,,0,,,0,,,0,,,,,,,255992000,,2375.TW
2021-12-31,1,1640908800,1736029000,0,0,,,,,0,,,0,,,0,,,,,,,181036000,,2375.TW
2009-03-31,1,1238457600,707846000,0,0,,,,,0,,,0,,,0,,,,,,,25608000,,8201.TW
2008-12-31,1,1230681600,644121000,0,0,,,,,0,,,0,,,0,,,,,,,-82452000,,8201.TW
2008-09-30,1,1222732800,801797000,0,0,,,,,0,,,0,,,0,,,,,,,70555000,,8201.TW
2008-06-30,1,1214784000,705241000,0,0,,,,,0,,,0,,,0,,,,,,,30633000,,8201.TW
2025-06-30,1,1751241600,15603970000,0,0,,,,,0,,,0,,,0,,,,,,,1448762000,,1504.TW
2025-03-31,1,1743379200,13617166000,0,0,,,,,0,,,0,,,0,,,,,,,1147310000,,1504.TW
2024-12-31,1,1735603200,13521877000,0,0,,,,,0,,,0,,,0,,,,,,,1191542000,,1504.TW
2024-09-30,1,1727654400,13457344000,0,0,,,,,0,,,0,,,0,,,,,,,1770005000,,1504.TW
2025-06-30,1,1751241600,22507694000,0,0,,,,,0,,,0,,,0,,,,,,,3477879000,,2383.TW
2025-03-31,1,1743379200,21680064000,0,0,,,,,0,,,0,,,0,,,,,,,3468900000,,2383.TW
2024-12-31,1,1735603200,18562104000,0,0,,,,,0,,,0,,,0,,,,,,,2648082000,,2383.TW
2024-09-30,1,1727654400,17463096000,0,0,,,,,0,,,0,,,0,,,,,,,2516219000,,2383.TW
2025-06-30,1,1751241600,1579760000,0,0,,,,,0,,,0,,,0,,,,,,,311488000,,2707.TW
2025-03-31,1,1743379200,1855151000,0,0,,,,,0,,,0,,,0,,,,,,,402233000,,2707.TW
2024-12-31,1,1735603200,1714458000,0,0,,,,,0,,,0,,,0,,,,,,,404046000,,2707.TW
2024-09-30,1,1727654400,1447352000,0,0,,,,,0,,,0,,,0,,,,,,,221814000,,2707.TW
2025-06-30,1,1751241600,551291451000,0,0,,,,,0,,,0,,,0,,,,,,,6503888000,,3231.TW
2025-03-31,1,1743379200,346485069000,0,0,,,,,0,,,0,,,0,,,,,,,5331457000,,3231.TW
2024-12-31,1,1735603200,297181761000,0,0,,,,,0,,,0,,,0,,,,,,,5311263000,,3231.TW
2024-09-30,1,1727654400,272542265000,0,0,,,,,0,,,0,,,0,,,,,,,4198602000,,3231.TW
2025-06-30,1,1751241600,56231000000,0,0,,,,,0,,,0,,,0,,,,,,,-761000000,,3481.TW
2025-03-31,1,1743379200,55932000000,0,0,,,,,0,,,0,,,0,,,,,,,962000000,,3481.TW
2024-12-31,1,1735603200,53684000000,0,0,,,,,0,,,0,,,0,,,,,,,9025000000,,3481.TW
2024-09-30,1,1727654400,55473000000,0,0,,,,,0,,,0,,,0,,,,,,,421000000,,3481.TW
2025-06-30,1,1751241600,20399718000,0,0,,,,,0,,,0,,,0,,,,,,,719630000,,9910.TW
2025-03-31,1,1743379200,20722823000,0,0,,,,,0,,,0,,,0,,,,,,,1148764000,,9910.TW
2024-12-31,1,1735603200,21885271000,0,0,,,,,0,,,0,,,0,,,,,,,1586564000,,9910.TW
2024-09-30,1,1727654400,22719052000,0,0,,,,,0,,,0,,,0,,,,,,,1426632000,,9910.TW
2025-06-30,1,1751241600,12215039000,0,0,,,,,0,,,0,,,0,,,,,,,334324000,,5388.TW
2025-03-31,1,1743379200,11354280000,0,0,,,,,0,,,0,,,0,,,,,,,304612000,,5388.TW
2024-12-31,1,1735603200,13424524000,0,0,,,,,0,,,0,,,0,,,,,,,505452000,,5388.TW
2024-09-30,1,1727654400,13460084000,0,0,,,,,0,,,0,,,0,,,,,,,546146000,,5388.TW
2025-06-30,1,1751241600,40421376000,0,0,,,,,0,,,0,,,0,,,,,,,3155195000,,2301.TW
2025-03-31,1,1743379200,36416560000,0,0,,,,,0,,,0,,,0,,,,,,,3455561000,,2301.TW
2024-12-31,1,1735603200,38299000000,0,0,,,,,0,,,0,,,0,,,,,,,3049000000,,2301.TW
2024-09-30,1,1727654400,36773082000,0,0,,,,,0,,,0,,,0,,,,,,,3390131000,,2301.TW
2022-09-30,1,1664496000,1358219000,0,0,,,,,0,,,0,,,0,,,,,,,-31621000,,2369.TW
2022-06-30,1,1656547200,1649308000,0,0,,,,,0,,,0,,,0,,,,,,,92608000,,2369.TW
2022-03-31,1,1648684800,1762311000,0,0,,,,,0,,,0,,,0,,,,,,,134320000,,2369.TW
2021-12-31,1,1640908800,1967079000,0,0,,,,,0,,,0,,,0,,,,,,,281888000,,2369.TW
2025-06-30,1,1751241600,186577389000,0,0,,,,,0,,,0,,,0,,,,,,,2189738000,,2356.TW
2025-03-31,1,1743379200,157034336000,0,0,,,,,0,,,0,,,0,,,,,,,1703218000,,2356.TW
2024-12-31,1,1735603200,197781801000,0,0,,,,,0,,,0,,,0,,,,,,,2369569000,,2356.TW
2024-09-30,1,1727654400,163815390000,0,0,,,,,0,,,0,,,0,,,,,,,1997685000,,2356.TW
2025-06-30,1,1751241600,93319451000,0,0,,,,,0,,,0,,,0,,,,,,,1314661000,,2347.TW
2025-03-31,1,1743379200,91397776000,0,0,,,,,0,,,0,,,0,,,,,,,1826854000,,2347.TW
2024-12-31,1,1735603200,113246192000,0,0,,,,,0,,,0,,,0,,,,,,,2934999000,,2347.TW
2024-09-30,1,1727654400,108802978000,0,0,,,,,0,,,0,,,0,,,,,,,2255380000,,2347.TW
2025-06-30,1,1751241600,38663083000,0,0,,,,,0,,,0,,,0,,,,,,,985156000,,2609.TW
2025-03-31,1,1743379200,45510342000,0,0,,,,,0,,,0,,,0,,,,,,,7776006000,,2609.TW
2024-12-31,1,1735603200,53476912000,0,0,,,,,0,,,0,,,0,,,,,,,12545427000,,2609.TW
2024-09-30,1,1727654400,72838388000,0,0,,,,,0,,,0,,,0,,,,,,,28367121000,,2609.TW
2025-06-30,1,1751241600,6104577000,0,0,,,,,0,,,0,,,0,,,,,,,781665000,,3443.TW
2025-03-31,1,1743379200,7023644000,0,0,,,,,0,,,0,,,0,,,,,,,961368000,,3443.TW
2024-12-31,1,1735603200,6022600000,0,0,,,,,0,,,0,,,0,,,,,,,846897000,,3443.TW
2024-09-30,1,1727654400,6611397000,0,0,,,,,0,,,0,,,0,,,,,,,1033650000,,3443.TW
2025-06-30,1,1751241600,3031718000,0,0,,,,,0,,,0,,,0,,,,,,,353771000,,2458.TW
2025-03-31,1,1743379200,3118884000,0,0,,,,,0,,,0,,,0,,,,,,,548401000,,2458.TW
2024-12-31,1,1735603200,3035830000,0,0,,,,,0,,,0,,,0,,,,,,,603044000,,2458.TW
2024-09-30,1,1727654400,3402700000,0,0,,,,,0,,,0,,,0,,,,,,,711734000,,2458.TW
2025-06-30,1,1751241600,13852671000,0,0,,,,,0,,,0,,,0,,,,,,,1693880000,,2368.TW
2025-03-31,1,1743379200,12062958000,0,0,,,,,0,,,0,,,0,,,,,,,1753033000,,2368.TW
2024-12-31,1,1735603200,9855846000,0,0,,,,,0,,,0,,,0,,,,,,,1282382000,,2368.TW
2024-09-30,1,1727654400,10457149000,0,0,,,,,0,,,0,,,0,,,,,,,1595183000,,2368.TW
2025-06-30,1,1751241600,34692896000,0,0,,,,,0,,,0,,,0,,,,,,,564987000,,6414.TW
2025-03-31,1,1743379200,34465909000,0,0,,,,,0,,,0,,,0,,,,,,,827343000,,6414.TW
2024-12-31,1,1735603200,39633402000,0,0,,,,,0,,,0,,,0,,,,,,,911139000,,6414.TW
2024-09-30,1,1727654400,37712210000,0,0,,,,,0,,,0,,,0,,,,,,,690668000,,6414.TW
2025-06-30,1,1751241600,21683000000,0,0,,,,,0,,,0,,,0,,,,,,,7944000000,,2884.TW
2025-03-31,1,1743379200,21438907000,0,0,,,,,0,,,0,,,0,,,,,,,8809484000,,2884.TW
2024-12-31,1,1735603200,17532000000,0,0,,,,,0,,,0,,,0,,,,,,,5186000000,,2884.TW
2024-09-30,1,1727654400,22464626000,0,0,,,,,0,,,0,,,0,,,,,,,8194522000,,2884.TW
2025-06-30,1,1751241600,10326562000,0,0,,,,,0,,,0,,,0,,,,,,,2622000,,2439.TW
2025-03-31,1,1743379200,8858184000,0,0,,,,,0,,,0,,,0,,,,,,,353497000,,2439.TW
2024-12-31,1,1735603200,12351959000,0,0,,,,,0,,,0,,,0,,,,,,,660120000,,2439.TW
2024-09-30,1,1727654400,12855745000,0,0,,,,,0,,,0,,,0,,,,,,,626400000,,2439.TW
2025-06-30,1,1751241600,15674704000,0,0,,,,,0,,,0,,,0,,,,,,,1104423000,,2006.TW
2025-03-31,1,1743379200,14500033000,0,0,,,,,0,,,0,,,0,,,,,,,1092843000,,2006.TW
2024-12-31,1,1735603200,15012391000,0,0,,,,,0,,,0,,,0,,,,,,,1143979000,,2006.TW
2024-09-30,1,1727654400,14869594000,0,0,,,,,0,,,0,,,0,,,,,,,1080289000,,2006.TW
2025-06-30,1,1751241600,4511857000,0,0,,,,,0,,,0,,,0,,,,,,,25836000,,3035.TW
2025-03-31,1,1743379200,7437577000,0,0,,,,,0,,,0,,,0,,,,,,,346217000,,3035.TW
2024-12-31,1,1735603200,4582152000,0,0,,,,,0,,,0,,,0,,,,,,,236164000,,3035.TW
2024-09-30,1,1727654400,2884311000,0,0,,,,,0,,,0,,,0,,,,,,,264043000,,3035.TW
2025-06-30,1,1751241600,2248135000,0,0,,,,,0,,,0,,,0,,,,,,,316696000,,8081.TW
2025-03-31,1,1743379200,2157891000,0,0,,,,,0,,,0,,,0,,,,,,,412490000,,8081.TW
2024-12-31,1,1735603200,1976705100,0,0,,,,,0,,,0,,,0,,,,,,,376266000,,8081.TW
2024-09-30,1,1727654400,2277988000,0,0,,,,,0,,,0,,,0,,,,,,,414168000,,8081.TW
2025-06-30,1,1751241600,504121652000,0,0,,,,,0,,,0,,,0,,,,,,,16860640000,,2382.TW
2025-03-31,1,1743379200,485671990000,0,0,,,,,0,,,0,,,0,,,,,,,19498468000,,2382.TW
2024-12-31,1,1735603200,417312909000,0,0,,,,,0,,,0,,,0,,,,,,,15872652000,,2382.TW
2024-09-30,1,1727654400,424549240000,0,0,,,,,0,,,0,,,0,,,,,,,16633121000,,2382.TW
2024-12-31,1,1735603200,721165000,0,0,,,,,0,,,0,,,0,,,,,,,52597000,,3038.TW
2024-09-30,1,1727654400,870627000,0,0,,,,,0,,,0,,,0,,,,,,,72606000,,3038.TW
2024-06-30,1,1719705600,938903000,0,0,,,,,0,,,0,,,0,,,,,,,85408000,,3038.TW
2024-03-31,1,1711843200,949637000,0,0,,,,,0,,,0,,,0,,,,,,,117286000,,3038.TW
2025-06-30,1,1751241600,26152063000,0,0,,,,,0,,,0,,,0,,,,,,,3739254000,,3034.TW
2025-03-31,1,1743379200,27120202000,0,0,,,,,0,,,0,,,0,,,,,,,5263805000,,3034.TW
2024-12-31,1,1735603200,25262519000,0,0,,,,,0,,,0,,,0,,,,,,,4801366000,,3034.TW
2024-09-30,1,1727654400,27866328000,0,0,,,,,0,,,0,,,0,,,,,,,5258457000,,3034.TW
